<record><leader>00000cas a22000007a 4500</leader><controlfield tag="001">12067588</controlfield><controlfield tag="008">850522c18609999ohuwr ne      0    0eng d</controlfield><datafield ind1=" " ind2=" " tag="010"><subfield code="a">sn 85026159 </subfield></datafield><datafield ind1=" " ind2=" " tag="040"><subfield code="a">NPX</subfield><subfield code="b">eng</subfield><subfield code="c">NPX</subfield><subfield code="d">NPU</subfield><subfield code="d">ONP</subfield><subfield code="d">OCLCQ</subfield></datafield><datafield ind1=" " ind2=" " tag="042"><subfield code="a">msc</subfield></datafield><datafield ind1="0" ind2=" " tag="130"><subfield code="a">Morrow County sentinel (Mount Gilead, Ohio : 1860)</subfield></datafield><datafield ind1="1" ind2="0" tag="245"><subfield code="a">Morrow County sentinel.</subfield></datafield><datafield ind1=" " ind2=" " tag="260"><subfield code="a">Mt. Gilead, Ohio :</subfield><subfield code="b">John W. Griffith</subfield></datafield><datafield ind1=" " ind2=" " tag="300"><subfield code="a">v.</subfield></datafield><datafield ind1=" " ind2=" " tag="310"><subfield code="a">Weekly</subfield></datafield><datafield ind1="1" ind2=" " tag="362"><subfield code="a">Began with July 13, 1859 issue.</subfield><subfield code="z">Cf. Gutgesell, S. Guide to Ohio newspapers, 1974.</subfield></datafield><datafield ind1=" " ind2=" " tag="500"><subfield code="a">"A weekly union newspaper, devoted to politics, literature, news, miscellany and the local interests of Morrow County."</subfield></datafield><datafield ind1=" " ind2=" " tag="500"><subfield code="a">Motto: "With malice toward none, with charity to all and firmness in the right--Abraham Lincoln."</subfield></datafield><datafield ind1=" " ind2=" " tag="588"><subfield code="a">Description based on: Vol. 13, no. 2 (July 19, 1860).</subfield></datafield><datafield ind1=" " ind2=" " tag="752"><subfield code="a">United States</subfield><subfield code="b">Ohio</subfield><subfield code="c">Morrow</subfield><subfield code="d">Mount Gilead.</subfield></datafield><datafield ind1="0" ind2="0" tag="780"><subfield code="t">Morrow Sentinel</subfield><subfield code="w">(DLC)sn 91075637</subfield></datafield></record>